@article{statista,
  year =         2015,
  title =        {Statista. Number of mobile phone users worldwide from 2013 to 2019},
  url =          {https://www.statista.com/statistics/274774/forecast-of-mobile-phone-users-worldwide/}
}

@article{ventolal,
  year =         2014,
  journal =      {Personal and Ubiquitous Computing},
  volume =       39,
  number =       5,
  title =        {Mobile devices and apps for health care professionals: uses and benefits},
  author =       {Ventolal},
  pages =        {356-364},
  language =     {English}
}

@article{healthcarepocket,
  year =         2012,
  journal =      {Journal of Biomedical Informatics},
  volume =       45,
  number =       1,
  title =        {Healthcare in the pocket: Mapping the space of mobile-phone health interventions},
  author =       {Klasnja, P. & Pratt},
  pages =        {184-198},
  language =     {English}
}

@article{stepup,
  year =         2010,
  journal =      {Proceedings of the 2009 International Conference on the Current Trends in Information Technology, CTIT 2009},
  title =        {StepUp: A step counter mobile application to promote healthy lifestyle},
  author =       {Khalil, Ashraf & Glal, S.},
  pages =        {184-198},
  language =     {English}
}

@article{devmental,
  year =         2016,
  title =        {Developing mental health mobile apps: Exploring adolescents' perspectives},
  author =       {Kenny, R., Dooley, B.A. & Fitzgerald},
}

@article{seriousgames,
  year =         2012,
  journal =      {In Computer Games (CGAMES), 2012 17th International Conference on IEEE},
  title =        {Serious games and health informatics: A unified framework},
  author =       {Elmaghraby, A., Mendez, A., Zapirain, B.G., Sheta, W. and el Shehaby, S.},
  pages =        {35-38},
  language =     {English}
}


@article{seriousgameshealth,
  year =         2013,
  journal =      {Entertainment Computing},
  title =        {Serious games for health.},
  author =       {Wattanasoontorn, V., Boada, I., Garcia, R. and Sbert, M.},
  pages =        {231-247},
  language =     {English}
}
